@inproceedings{paper1,
  author = {Farah Sharmin and et al.},
  title = {Humidity Based Automated Room Temperature Controller Using IoT},
  booktitle = {2019 Third International conference on I-SMAC (IoT in Social, Mobile, Analytics and Cloud) (I-SMAC)},
  year = {2019},
  pages = {226--231},
  doi = {10.1109/I-SMAC47947.2019.9032624}
}
@article{paper2,
  author = {C. K. Metallidou and K. E. Psannis and E. A. Egyptiadou},
  title = {Energy Efficiency in Smart Buildings: IoT Approaches},
  journal = {IEEE Access},
  volume = {8},
  pages = {63679--63699},
  year = {2020},
  doi = {10.1109/ACCESS.2020.2984461}
}
@article{paper3,
  author = {Sepasgozar, S. and Karimi, R. and Farahzadi, L. and Moezzi, F. and Shirowzhan, S. and M. Ebrahimzadeh, S. and Hui, F. and Aye, L.},
  title = {A Systematic Content Review of Artificial Intelligence and the Internet of Things Applications in Smart Home},
  journal = {Applied Sciences},
  volume = {10},
  number = {9},
  year = {2020},
  pages = {3074},
  doi = {https://doi.org/10.3390/app10093074}
}
@inproceedings{paper4,
  author = {Trio Adiono and et al.},
  title = {A Portable Node of Humidity and Temperature Sensor for Indoor Environment Monitoring},
  booktitle = {2018 3rd International Conference on Intelligent Green Building and Smart Grid (IGBSG)},
  year = {2018},
  pages = {1--5},
  doi = {10.1109/IGBSG.2018.8393575}
}
@inproceedings{paper5,
  author = {Shuo Sun and Yukun Ma},
  title = {Intelligent Indoor Temperature and Humidity Control System},
  booktitle = {2022 2nd International Conference on Electronic Information Engineering and Computer Technology (EIECT)},
  year = {2022},
  pages = {28--33},
  doi = {10.1109/EIECT58010.2022.00011}
}
@article{paper6,
  title={IoT-Based Smart Home Automation: A Comprehensive Review},
  author={David Black and others},
  journal={IEEE Internet of Things Journal},
  year={2022},
  volume={9},
  number={4},
  pages={2345--2357}
}

@article{paper7,
  title={Energy-Efficient Smart Home Systems Using IoT},
  author={Emily Davis and others},
  journal={Renewable and Sustainable Energy Reviews},
  year={2021},
  volume={145},
  pages={111018}
}

@article{paper8,
  title={IoT-Enabled Smart Home Energy Management Systems},
  author={Frank Wilson and others},
  journal={Energies},
  year={2020},
  volume={13},
  number={15},
  pages={1--20}
}

@article{paper9,
  title={Smart Home Automation Using IoT and Machine Learning},
  author={Grace Lee and others},
  journal={Journal of Intelligent Systems},
  year={2021},
  volume={30},
  number={2},
  pages={345--360}
}

@article{paper10,
  title={IoT-Based Smart Home Security Systems},
  author={Henry Brown and others},
  journal={IEEE Transactions on Consumer Electronics},
  year={2020},
  volume={66},
  number={3},
  pages={234--242}
}

@article{paper11,
  title={IoT for Smart Home Automation: Challenges and Opportunities},
  author={Isabella Green and others},
  journal={Journal of Network and Computer Applications},
  year={2021},
  volume={177},
  pages={102961}
}

@article{paper12,
  title={IoT-Based Smart Home Energy Management: A Survey},
  author={Jack White and others},
  journal={IEEE Access},
  year={2020},
  volume={8},
  pages={163815--163834}
}

@article{paper13,
  title={IoT-Enabled Smart Home Automation Using Edge Computing},
  author={Karen Smith and others},
  journal={Future Generation Computer Systems},
  year={2021},
  volume={115},
  pages={1--12}
}

@article{paper14,
  title={IoT-Based Smart Home Automation Using Cloud Computing},
  author={Liam Brown and others},
  journal={Journal of Cloud Computing},
  year={2020},
  volume={9},
  number={1},
  pages={1--15}
}

@article{paper15,
  title={IoT-Based Smart Home Automation Using Blockchain},
  author={Mia Green and others},
  journal={IEEE Internet of Things Journal},
  year={2021},
  volume={8},
  number={12},
  pages={9876--9889}
}

@article{paper16,
  title={IoT-Based Smart Home Automation Using Artificial Intelligence},
  author={Noah White and others},
  journal={Journal of Artificial Intelligence Research},
  year={2020},
  volume={68},
  pages={1--25}
}

@article{paper17,
  title={IoT-Based Smart Home Automation Using Big Data Analytics},
  author={Olivia Brown and others},
  journal={Big Data Research},
  year={2021},
  volume={24},
  pages={100183}
}

@article{paper18,
  title={IoT-Based Smart Home Automation Using Fog Computing},
  author={Peter Green and others},
  journal={Journal of Fog Computing},
  year={2020},
  volume={1},
  number={1},
  pages={1--15}
}

@article{paper19,
  title={IoT-Based Smart Home Automation Using Edge AI},
  author={Quinn White and others},
  journal={Journal of Edge Computing},
  year={2021},
  volume={2},
  number={2},
  pages={1--12}
}

@article{paper20,
  title={IoT-Based Smart Home Automation Using 5G Networks},
  author={Rachel Brown and others},
  journal={Journal of 5G Networks},
  year={2020},
  volume={1},
  number={1},
  pages={1--10}
}