@Article{shirali2022survey,
  author  = {Shirali, Mohsen and Tefke, Tobias and Staudemeyer, Ralf C and Poehls, Henrich C},
  journal = {IEEE Access},
  title   = {A Survey on Anonymous Communication Systems with a Focus on Dining Cryptographers Networks},
  year    = {2023},
  month   = jan,
  doi     = {10.1109/ACCESS.2023.3242870},
}

@Conference{Tefke2023,
  author       = {Tefke, Tobias and Staudemeyer, Ralf C.},
  booktitle    = {Sicherheit in vernetzten Systemen. 30. DFN-Konferenz},
  title        = {Sicherheit in Microservice-Umgebungen},
  year         = {2023},
  editor       = {Ude, Albrecht},
  month        = feb,
  organization = {DFN-CERT},
  pages        = {D1-D21},
  publisher    = {Books on Demand},
  isbn         = {9-783756-881390},
}

